@book{jsch2011,
  author       = "Schlosser, Joachim",
  title        = "Wissenschaftliche Arbeiten schreiben mit \LaTeX: Leitfaden für Einsteiger.",
  publisher    = "mitp",
  year         = "2011",
  edition      = "4. Aufl.",
  address      = "Heidelberg"
}

@book{Tane2014,
  author       = "Tanenbaum, Andrew S. and Wetherall, David J.",
  title        = "Computer Networks",
  publisher    = "Pearson",
  year         = "2014",
  edition      = "7. Aufl."
}

@book{aoscw2004,
	author = {Hans F. Ebel, Claus Bliefert, William E. Russey},
	edition = {2.},
	publisher = {Die Deutsche Bibliothek},
	title = {The Art of Scientific Writing},
	year = {2004}
}

@ARTICLE{9429985,
  author={von Rueden, Laura and Mayer, Sebastian and Beckh, Katharina and Georgiev, Bogdan and Giesselbach, Sven and Heese, Raoul and Kirsch, Birgit and Walczak, Michal and Pfrommer, Julius and Pick, Annika and Ramamurthy, Rajkumar and Garcke, Jochen and Bauckhage, Christian and Schuecker, Jannis},
  journal={IEEE Transactions on Knowledge and Data Engineering}, 
  title={Informed Machine Learning - A Taxonomy and Survey of Integrating Prior Knowledge into Learning Systems}, 
  year={2021},
  volume={},
  number={},
  pages={1-1},
  doi={10.1109/TKDE.2021.3079836}}

@online{DebGccBug,
  author={Pavel Pisa},
  title={Tail-call optimization generates incorrect code in specific case with constprop function - observed on Cortex-M4 with -Os},
  date={2017-08-22},
  urldate={2024-03-25},
  url={https://bugs.debian.org/cgi-bin/bugreport.cgi?bug=872933}
}

@online{LaunchpadGccBug,
  author={Thomas Bernard},
  title={Wrong code generation with pointer arithmetic},
  date={2020-02-24},
  urldate={2024-03-25},
  url={https://bugs.launchpad.net/gcc-arm-embedded/+bug/1864494}
}

@online{DestatisHomeOffice,
  author={Statistisches Bundesamt},
  title={Zahl der Woche: Ein Viertel aller Erwerbstätigen arbeitete 2021 im Homeoffice},
  date={2022-06-14},
  urldate={2024-03-25},
  url={https://www.destatis.de/DE/Presse/Pressemitteilungen/Zahl-der-Woche/2022/PD22_24_p002.html}
}

@online{QemuSTMDoku,
  author={QEMU Dokumentation},
  title={QEMU Arm System Emulator targets - STMicroelectronics STM32 boards},
  date={2024-01-8},
  urldate={2024-04-11},
  url={https://www.qemu.org/docs/master/system/arm/stm32.html}
}

@online{KplCodeDive,
  author={Maciej Nowak},
  title={QEmu in-the-loop development},
  date={2021-11-17},
  urldate={2024-04-12},
  url={https://codedive.pl/legacy/2021/qemu-in-the-loop-development}
}
